@string{aa = "Astron.~Astrophys."}

@string{asr = "Adv.~Space~Res."}

@string{ang = "Ann.~Geophys."}

@string{ao = "Appl.~Opt."}

@string{apj="Apj"}

@string{araa="Ann.~Rev.~Astron.~Astrophys."}

@string{asr="Adv.~Space.~Res."}

@string{baas="Bull.~Am.~Astron.~Soc."}

@string{bams="Bull.~Am.~Meteorol.~Soc."}

@string{blm="Boundary-layer Meteorol."}

@string{bpa2 = "Beitr.~Phys.~Atmosph." }

@string{cap="Contrib.~Atmos.~Phys."}

@string{cc  = "Climatic~Change"}

@string{cup  = "Cambridge~University~Press"}

@string{gfd="Geophys.~Fluid~Dyn."}

@string{grl="Geophys.~Res.~Lett."}

@string{ijep= "Int.~J.~Environment and Pollution"}

@string{iaop= "Izvestiya,~Atmos.~Ocean.~Phys."}

@string{ica= "Icarus"}

@string{jam = "J.~Appl.~Met."}

@string{jas = "J.~Atmos.~Sci."}

@string{jfm = "J.~Fluid~Mech."}

@string{jgr = "J.~Geophys.~Res."}

@string{josa = "J.~Opt.~Soc.~Am."}

@string{jpo = "J.~Phys.~Oceanogr."}

@string{jqsrt = "J.~Spectrosc.~Radiat.~Transfer"}

@string{jqsrt="J.~Quant.~Spectrosc.~Radiat.~Transfer"}

@string{jweia="J.~Wind~Eng.~Indust.~Aerodyn."}

@string{lps="Lunar Planet Sci."}

@string{mwr = "Monthly Weather Rev." }

@string{pss="Plan.~Space~Sci."}

@string{ptrsl="Phil.~Trans.~R.~Soc.~London"}

@string{qjr = "Q.~J.~R.~Meteorol.~Soc."}

@string{qjrms="Q.~J.~R.~Meteorol.~Soc."}

@string{rg="Rev.~Geophys."}

@string{sci="Science"}

@string{sjssc="Siam J.~Sci.~Stat.~Comput."}

@string{ssr = "Space Science Rev." }

@string{tel="Tellus"}

@Article{Moore:1964,
  author =	 {Moore, G. W.},
  title = 	 {Magnetic disturbances preceding the 1964 Alaska Earthquake},
  journal = 	 {Nature},
  year = 	 1964,
  volume =	 17,
  pages =        {169-181}
}

@Article{Davies_Baker:1965,
  author =	 {Davies, K. and Baker, D. M.},
  title = 	 {Ionospheric effects observed around the time of the Alas-
kan earthquake of March 28 1964},
  journal = 	 {J. Geophys. Res.},
  year = 	 1965,
  volume =	 70,
  pages =        {2251-2253}
}

@Article{Antselevich:1971,
  author =	 {Antselevich, M. G.},
  title = 	 {The influence of Tashkent earthquake on the Earth’s magnetic
field and the ionosphere. In: Tashkent earthquake 26 April 1966},
  journal = 	 {FAN Publ. Tashkent},
  year = 	 1971,
  pages =        {187-188}
}


@Article{Datchenko:1972,
   author    = {Datchenko, E. A. and Ulomov, V. I.  and Chernyshovam C. P.},
   title    = {Electron density anomalies as the possible precursor of Tashkent earthquake},  
   year     = {1972},
   journal = {Dokl. Uzbek. Acad. Sci.},
   volume = 12,
   pages = {30-32}
}

@Article{Gokhberg:1983,
   author    = {Gokhberg, M. B. and Pilipenko, V.A.  and Pokhotelov, O.A.},
   title    = {Seismic precursors in the ionosphere},  
   year     = {1983},
   journal = {Izvestiya Earth Physics},
   volume = 19,
   pages = {762-765}
}

@Article{Liperovsky:1990,
   author    = {Liperovsky, V. A. and Alimov, O. A. and Shalimov, S. A. and Gokhberg, M. B. and Liperovskaya, R. H.  and Saidshoev, A.},
   title    = {Ionosphere F-region studies before earthquakes},  
   year     = {1983},
   journal = {Izvestiya Ussr Acad. Sci. Physics Solid Earth},
   volume = 12,
   pages = {77-86}
}

@Article{Gaivoronskaya:1991,
   author    = {Gaivoronskaya, T. V.},
   title    = {The seismic activity effects on the ionosphere},  
   year     = {1991},
   journal = {The Review, Preprint IZMIRAN},
   volume = 36
}


@INCOLLECTION{Mareev:2002,
   AUTHOR    = {Mareev, E. A. and Iudin, D. I. and Molchanov, O. A},
   TITLE     = {Mosaic source of internal gravity waves associated with seismic activity},  
   BOOKTITLE = {Seismo-Electromagnetics: Lithosphere-Atmosphere-Ionosphere Coupling},  
   PUBLISHER = {TERRAPUB, Tokyo},
   YEAR      = {2002},
     EDITOR  = {Hayakawa M. and Molchanov, O. A.},
     PAGES   = {335-342}
}

@Article{Calais_Minster:1995,
   author    = {Calais, E. and Minster, J. B.},
   title    = {GPS detection of ionospheric TEC perturbations following the January 17, 1994, Northridge Earthquake},  
   year     = {1995},
   journal = {Geophys. Res. Lett},
   volume = 22,
   pages = {1045-1048}
}

@Article{Davies_Archambeau:1998,
   author    = {Davies, J. B. and Archambeau, C. B},
   title    = {Modeling of atmospheric and ionospheric disturbances from shallow seismic sources},  
   year     = {1998},
   journal = {Phys. Earth Planet. Inter},
   volume = 105,
   pages = {183-199}
}

@Article{Lui:2004,
   author    = {Liu, J. Y. and Chuo, Y. J. and Shan, S. J. and  Tsai, Y. B. and Pulinets, S. A.  and Yu, S. B.},
   title    = {Pre-earthquake ionospheric anomalies monitored by GPS TEC},  
   year     = {2004},
   journal = {An. Geophys},
   volume = 22,
   pages = {1585-1593}
}

@Article{Pulinets:2004a,
   author    = {Pulinets, S. A. and Liu, J. Y. and Safronova, I. A.},
   title    = {Interpretation of a statistical analysis of
variations in the foF2 critical frequency before earthquakes based on data from Chung-Li ionospheric station (Taiwan)},  
   year     = {2004},
   journal = {Geomagn. Aeronom.},
   volume = 44,
   pages = {102-106}
}

@Book{Pulinets_Boyarchuk:2004,
   editor    = {Pulinets, S. A. and Boyarchuk, K. A.},
   title    = {Ionospheric Precursors of Earthquakes},  
   year     = {2004},
   publisher = {Springer Verlag Publ}
}

@Article{Horanyi_Goertz:1990,
   author    = {Horanyi, M. and Goertz, C. K.},
   title    = {Coagulation of dust particles in a plasma},  
   year     = {1990},
   journal = {Astrophys. J.},
   volume = 361,
   pages = {155-161}
}


@INCOLLECTION{Pulinets:2002a,
   AUTHOR    = {Pulinets, S. A. and Boyarchuk, K. A. and  Hegai, V. V. and Karelin, A. V.},
   TITLE     = {Conception and model of seismo-ionosphere-magnetosphere coupling},  
   BOOKTITLE = {Seismo-Electromagnetics: Lithosphere-Atmosphere-Ionosphere Coupling},  
   PUBLISHER = {TERRAPUB, Tokyo},
   YEAR      = {2002},
     EDITOR  = {Hayakawa M. and Molchanov, O. A.},
     PAGES   = {353-361}
}


@Article{Voitov_Dobrovolsky:1994,
   author    = {Voitov, G. I. and Dobrovolsky, I. P.},
   title    = {Chemical and isotopic-carbon instabilities of the native gas flows in seismically active regions},  
   year     = {1994},
   journal = {Izvestiya Earth Science},
   volume = 3,
   pages = {20-31}
}

@Article{Jianguo:1989,
   author    = {Jianguo, H.},
   title    = {Near earth surface anomalies of the atmospheric electric field and earthquakes},  
   year     = {1989},
   journal = {Acta Seismol. Sin.},
   volume = 2,
   pages = {289-298}
}

@INCOLLECTION{Vershinin:1999,
   AUTHOR    = {Vershinin, E. F. and Buzevich, A. V. and Yumoto, K. and Saita, K. and Tanaka, Y.},
   TITLE     = {Correlations of seismic activity with electromagnetic emissions and variations in Kamchatka region},  
   BOOKTITLE = {Atmospheric and Ionospheric Electromagnetic Phenomena Associated with Earthquakes},  
   PUBLISHER = {TERRAPUB, Tokyo},
   YEAR      = {1999},
     EDITOR  = {Hayakawa M.},
     PAGES   = {513-517}
}

@Book{Krider_Roble:1986,
   editor    = {Krider, E. P. and Roble, R. W.},
   title    = {The Earth’s Electrical Environment},  
   year     = {1986},
   publisher = {National Academy Press, Washington D.C.}
}

@Article{Pulinets:2000,
   author    = {Pulinets, S. A. and Boyarchuk K. A. and Khegai, V. V. and Kim V. P. and Lomonosov A. M.},
   title    = {Quasielectrostatic model of atmosphere-thermosphere-ionosphere coupling},  
   year     = {2000},
   journal = {Adv. Space Res.},
   volume = 26,
   pages = {1209-1221}
}

@Article{Nagao:2002,
   author    = {Nagao, T. and Enomoto, Y. and  Fujinawa, Y. and Hata, M. and Hayakawa, M. and  Huang, Q. and Izutsu, J. and Kushida, Y. and  Maeda, K. and Oike, K. and Uyeda, S. and Yoshino, T.},
   title    = {Electromagnetic anomalies associated with 1995 KOBE earthquake},
   year     = {2002},
   journal = {J. Geodynamics},
   volume = 33,
   pages = {401-411}
}

@Article{Ismaguilov:2001,
   author    = {Ismaguilov, V. S. and  Kopytenko, Y. A. and Hattori, K. and Voronov P. M. and  Molchanov, O. A. and Hayakawa, M.},
   title    = {ULF magnetic emissions connected with under sea bottom earthquakes},
   year     = {2001},
   journal = {Nat. Haz. Earth Syst. Sci.},
   volume = 1,
   pages = {23-21}
}

@INCOLLECTION{Hattori:2002,
AUTHOR    =  {Hattori, K. and Akinaga Y. and Hayakawa, M.  and  Yumoto, K. and Nagao, T. and Uyeda, S.},
   TITLE     = {ULF magnetic anomaly preceding the 1997 Kagoshima Earthquakes},  
   BOOKTITLE = {Seismo-Electromagnetics: Lithosphere-Atmosphere-Ionosphere Coupling},  
   PUBLISHER = {TERRAPUB, Tokyo},
   YEAR      = {2002},
     EDITOR  = {Hayakawa M. and Molchanov, O. A.},
     PAGES   = {19-28}
}

@Book{Kikuchi:2001,
  author =	 {Kikuchi, H.},
  title = 	 {Electrodynamics in dusty and dirty plasmas},
  publisher = 	 {Kluwer Academic Publishers},
  year = 	 2001
 }

@Article{Liperovsky:2000,
   author    = {Liperovsky, V. A. and  Pokhotelov, O. A. and Liperovskaya, E. V.  and  Parrot, M. and Meister, C.-V. and Alimov, O. A.},
   title    = {Modification of sporadic E-layers caused by seismic activity},
   year     = {2000},
   journal = {Surveys in Geophys.},
   volume = 21,
   pages = {449-486}
}

@Article{Pulinets:1998,
   author    = {Pulinets, S. A. and Khegai, V. V. and Boyarchuk, K. A. and Lomonosov, A. M.},
   title    = {Atmospheric electric field as a source of ionospheric variability},
   year     = {1998},
   journal = {Physics-Uspekhi},
   volume = 41,
   pages = {515-522}
}

@INCOLLECTION{Ondoh_Hayakawa:1999,
   AUTHOR    = {Ondoh, T. and Hayakawa, M.},
   TITLE     = {Anomalous Occurrence of Sporadic E-layers before the Hyogoken-Nanbu Earthquake, M 7.2 of January 17, 1995},  
   BOOKTITLE = {Atmospheric and Ionospheric Electromagnetic Phenomena Associated with Earthquakes},  
   PUBLISHER = {TERRAPUB, Tokyo},
   YEAR      = {1999},
     EDITOR  = {Hayakawa M.},
     PAGES   = {629-640}
}

@Article{Kim:1994,
   author    = {Kim, V. P. and Hegai V. V.  and Illich-Svitych, P. V.},
   title    = {On the possibility of a metallic ion layer forming in the E-Region of the night midlatitude ionosphere before great
earthquakes},
   year     = {1994},
   journal = {Geomagn. and Aeronomy.},
   volume = 33,
   pages = {658-662}
}

@Article{Hegai:1997,
   author    = {Hegai, V. V. and Kim, V. P. and Nikiforova, L. I.},
   title    = {A possible generation mechanism of acoustic-gravity waves in the ionosphere before strong earthquakes},
   year     = {1997},
   journal = {J. Earthquake Predict. Res.},
   volume = 6,
   pages = {584-589}
}

@Article{Chmyrev:1997,
   author    = {Chmyrev, V. M. and Isaev, N. V. and  Serebryakova, O. N. and Sorokin, V. M. and Sobolev, Y. P.},
   title    = {Small-scale plasma inhomogeneities and correlated ELF emissions in the ionosphere over an earthquake region},
   year     = {1997},
   journal = {J. Atmos. Solar-Terr. Phys.},
   volume = 59,
   pages = {1305-1310}
}

@Article{Pulinets_Legenka:2003,
   author    = {Pulinets, S. A. and Legen’ka, A. D.},
   title     = {Spatial-temporal characteristics of the large scale disturbances of electron concentration observed in the F-region of the ionosphere before strong earthquakes},   
   journal = {Cosmic Res.},
   year      = {1994},
   volume  = 41,
   pages   = {221-229}
}

@Article{Kim_Hegai:1997,
   author    = {Kim, V. P. and Hegai, V. V.},
   title     = {On possible changes in the midlatitude upper ionosphere
before strong earthquakes},   
   journal = {J. Earthq. Predict. Res.},
   year      = {1997},
   volume  = 6,
   pages   = {275-280}
}

@Article{Shklyar_Nagano:1998,
   author    = {Shklyar, D. R. and Nagano, I.},
   title     = {On VLF wave scattering in plasma with density irregularities},
   journal = {J. Geophys. Res.},
   year      = {1998},
   volume  = 103,
   pages   = {29151-29526}
}

@Article{Galper:1995,
   author    = {Galper, A. M. and Koldashov, S. V. and Voronov, S. A.},
   title     = {High energy particle flux variations as earthquake predictors},
   journal = {Adv. Space Res.},
   year      = {1995},
   volume  = 15,
   pages   = {131-134}
}

@Article{Kim:2002,
   author    = {Kim, V. P. and Pulinets, S. A. and Hegai, V. V.},
   title     = {Theoretical model of possible disturbances in the nighttime mid-latitude ionospheric D-region over an area of strong earthquake preparation},
   journal = {Radiophys. Quantum Electronics},
   year      = {2002},
   volume  = 45,
   pages   = {262-268}
}

@Article{Gufeld:1992,
   author    = {Gufeld, I. L. and Rozhnoy, A. A. and Tyumentsev, S. N. and  Sherstyuk, S. V. and Yampolsky, V. S.},
   title     = {Radio wave field disturbances prior to Rudbar and Rachinsk earthquakes},
   journal = {Earth Physics},
   year      = {1992},
   volume  = 28,
   pages   = {267-270}
}

@Book{Chang:1977,
  editor =	 {Chang, J.},
  title = 	 {Methods in computational physics},
  publisher = 	 {Academic {P}ress},
  year = 	 1977,
  volume =	 17
}

@Article{Dunkerton:1981,
  author = 	 {Dunkerton, T. J. and Hsu, C.-P. F. and Mc{I}ntyre, M. E.},
  title = 	 {Some {E}ulerian and {L}agrangian diagnostics for a model stratospheric warming},
  journal = 	 jas,
  year = 	 1981,
  volume =	 38,
  pages =	 {819-843}
}

@Article{Eliassen:1961,
  author = 	 {Eliassen, A. and Palm, E.},
  title = 	 {On the transfer of energy in stationary mountain waves},
  journal = 	 {Geofys. Publ.},
  year = 	 1961,
  volume =	 22,
  number =	 3,
  pages =	 {1-23}
}

@Article{Emanuel:1991,
  author = 	 {Emanuel, K. A.},
  title = 	 {A scheme for representing cumulus convection in large scale models},
  journal = 	JAS,
  year = 	 1991,
  volume =	 48,
  pages =	 {2313-2335}
}

@Book{Emanuel:1994,
  author =	 {Emanuel, K. A.},
  title = 	 {Atmospheric Convection},
  publisher = 	 {Oxford University Press},
  year = 	 1994
}

@Article{Forget:1999,
  author = 	 {Forget, F. and Hourdin, F. and Fournier, F. and Hourdin, C. and Talagrand, O. and Collins, M. and Lewis, S. R. and Read, P. L. and Huot, J.-P.},
  title = 	 {Improved general circulation models of the {M}artian atmosphere from the surface to above 80 km},
  journal = 	 jgr,
  year = 	 1999,
  volume =	 104,
  number =	 {E10},
  pages =	 {24155-24175}
}

@Book{Garratt:1994,
  author =	 {Garratt, J. R.},
  title = 	 {The atmospheric boundary layer},
  publisher = 	 {Cambridge {U}niversity {P}ress},
  year = 	 1994
}

@ARTICLE{Gierasch:1972,
   AUTHOR  = {Gierasch, P. J. and Goody, R. M.},
   TITLE   = {The effect of dust on the temperature structure of the {M}artian atmosphere},  
   YEAR    = {1972},
   JOURNAL = jas,
     VOLUME  = {29},
     PAGES   = {400-402}
}

@INCOLLECTION{CLIMSYSMOD:9,
   AUTHOR    = {Hack, J. J.},
   TITLE     = {Climate System Simulation: Basic Numerical and Computational Concepts},  
   BOOKTITLE = {Climate System Modeling},  
   PUBLISHER = {Cambridge University Press},
   YEAR      = {1992},
     EDITOR  = {Trenberth, K. E.},
     CHAPTER = {9},
     PAGES   = {283-317}
}

@Article{Hansen:1974,
  author = 	 {Hansen, J. E. and Travis, L. D.},
  title = 	 {Light scattering in planetary atmospheres},
  journal = 	 ssr,
  year = 	 1974,
  volume =	 16,
  pages =	 {527-610}
}

@Article{Held:1980,
  author = 	 {Held, I. M. and Hou, A. Y.},
  title = 	 {Nonlinear axially symmetric circulations in a nearly inviscid atmosphere},
  journal = 	 jas,
  year = 	 1980,
  volume =	 37,
  pages =	 {515-533}
}

@InCollection{Holton:1983,
  author = 	 {Holton, J. R.},
  title = 	 {The stratosphere and its links to the troposphere},
  booktitle = 	 {Large-scale Dynamical Processes in the Atmosphere},
  pages =	 {277-304},
  publisher =	 {Academic},
  year =	 1983
}

@ARTICLE{Hoskins:1975,
   AUTHOR  = {Hoskins, B. J. and Simmons, A. J.},
   TITLE   = {A Multi-Layer Spectral Model and the Semi-Implicit Method},  
   YEAR    = {1975},
   JOURNAL = qjrms,
     VOLUME  = {101},
     PAGES   = {637-655}
}

@TechReport{Irwin:1998,
  author =       {Irwin, P. G. J. and Calcutt, S. B.},
  title =        {{RADTRAN} {U}ser {M}anual},
  institution =  {Atmospheric, {O}ceanic and {P}lanetary {P}hysics, {O}xford},
  year =         1998,
}

@Book{Jacobson:1999,
  author =	 {Jacobson, M. Z.},
  title = 	 {Fundamentals of Atmospheric Modeling},
  publisher = 	 cup,
  year = 	 1999
}

@Article{Joseph:1976,
  author = 	 {Joseph, J. H. and Wiscombe, W. J. and Weinman, J. A.},
  title = 	 {The delta-{E}ddington approximation for radiative flux transfer},
  journal = 	 jas,
  year = 	 1976,
  volume =	 33,
  pages =	 {2452-2459}
}

@INCOLLECTION{Mars:29,
   AUTHOR    = {Kahn, R. A. and Martin, T. Z. and Zurek, R. W. and Lee, S. W.},
   TITLE     = {The {M}artian Dust Cycle},  
   BOOKTITLE = {Mars},  
   PUBLISHER = {The University of Arizona Press},
   YEAR      = {1992},
     EDITOR  = {},
     CHAPTER = {29},
     PAGES   = {1017-1053}
}

@Article{Lewis:1999,
  author = 	 {Lewis, S. R. and Collins, M. and Read, P. L. and Forget, F. and Hourdin, F. and Fournier, F. and Hourdin, C. and Talagrand, O. and Huot, J.-P.},
  title = 	 {A climate database for {M}ars},
  journal = 	 jgr,
  year = 	 1999,
  volume =	 {104},
  number =	 {E10},
  pages =	 {24177-24194}
}

@Article{Louis:1979,
  author = 	 {Louis, J.F.},
  title = 	 {A parametric model of vertical eddy fluxes in the atmosphere},
  journal = 	 {Boundary Layer Meteor.},
  year = 	 1979,
  volume =	 17,
  pages =	 {187-202}
}

@Article{Mellor:1982,
  author = 	 {Mellor, G. L. and Yamada, T.},
  title = 	 {Development of a turbulence closure model for geophysical fluid problems},
  journal = 	 rg,
  year = 	 1982,
  volume =	 20,
  pages =	 {851-875}
}

@Book{Pedlosky:1987,
  author =	 {Pedlosky, J.},
  title = 	 {Geophysical Fluid Dynamics},
  publisher = 	 {Springer},
  year = 	 1987,
  edition =	 {Second}
}

@Article{Pfeffer:1987,
  author = 	 {Pfeffer, R. L.},
  title = 	 {Comparison of conventional and transformed {E}ulerian diagnostics in the troposphere},
  journal = 	 qjrms,
  year = 	 1987,
  volume =	 113,
  pages =	 {237-254}
}

@Article{Plumb:1979,
  author = 	 {Plumb, R. A.},
  title = 	 {Eddy fluxes of conserved quantities by small-amplitude waves},
  journal = 	 jas,
  year = 	 1979,
  volume =	 36,
  pages =	 {1699-1704}
}

@INCOLLECTION{Mars:24,
   AUTHOR    = {Zurek, R. W.},
   TITLE     = {Comparative Aspects of the Climate of {M}ars: An Introduction to the Current Atmosphere},  
   BOOKTITLE = {Mars},  
   PUBLISHER = {The University of Arizona Press},
   YEAR      = {1992},
     CHAPTER = {24},
     PAGES   = {799-817}
}

@INCOLLECTION{Mars:26,
   AUTHOR    = {Zurek, R. W. and Barnes, J. R. and Haberle, R. M. and Pollack, J. B. and Tillman, J. E. and Leovy, C. B.},
   TITLE     = {Dynamics of the Atmosphere of {M}ars},  
   BOOKTITLE = {Mars},  
   PUBLISHER = {The University of Arizona Press},
   YEAR      = {1992},
     CHAPTER = {26},
     PAGES   = {835-933}
}

@ARTICLE{Zurek:1993,
   AUTHOR  = {Zurek, R. W. and Martin, L. J.},
   TITLE   = {Interannual Variability of planet-encircling dust activity on {M}ars},  
   YEAR    = {1993},
   JOURNAL = jgr,
     VOLUME  = {98},
     NUMBER  = {E2},
     PAGES   = {3247-3259}
}